<collection xmlns="http://www.loc.gov/MARC21/slim">
<record>
  <leader>00504na 0a22001211i 450 </leader>
  <controlfield tag="001">IT\ICCU\CNCE\058691</controlfield>
  <controlfield tag="005">20040625000000.0</controlfield>
  <datafield tag="100" ind1=" " ind2=" ">
    <subfield code="a">20040625             0itac0103    ba</subfield>
  </datafield>
  <datafield tag="101" ind1=" " ind2=" ">
    <subfield code="a">LAT</subfield>
  </datafield>
  <datafield tag="200" ind1="1" ind2=" ">
    <subfield code="a">℗Augustini Hunnaeis ℗De sacramentis axiomata: quibus b. Thomae Aquinatis doctrina de iisdem sacramentis in tertia summae theologicae ... revocatur. ...</subfield>
  </datafield>
  <datafield tag="700" ind1=" " ind2="1">
    <subfield code="a">Hunnaeus,</subfield>
    <subfield code="b">Augustinus</subfield>
    <subfield code="3">IT\ICCU\CNCA\006529</subfield>
  </datafield>
  <datafield tag="790" ind1=" " ind2="1">
    <subfield code="a">Hunaeus,</subfield>
    <subfield code="b">Augustinus</subfield>
    <subfield code="3">IT\ICCU\CNCA\014450</subfield>
    <subfield code="z">Hunnaeus, Augustinus</subfield>
  </datafield>
  <datafield tag="801" ind1=" " ind2="3">
    <subfield code="a">IT</subfield>
    <subfield code="b">ICCU</subfield>
    <subfield code="c">20201115</subfield>
  </datafield>
</record>
</collection>
